<?xml version="1.0" encoding="UTF-8"?>
<zs:searchRetrieveResponse xmlns:zs="http://www.loc.gov/zing/srw/">
  <zs:version>1.1</zs:version>
  <zs:numberOfRecords>7</zs:numberOfRecords>
  <zs:records>
    <zs:record>
      <zs:recordSchema/>
      <zs:recordPacking>xml</zs:recordPacking>
      <zs:recordData>
        <record xmlns="http://www.loc.gov/MARC21/slim">
          <leader>01876cam a22004697a 4500</leader>
          <controlfield tag="001">23049055</controlfield>
          <controlfield tag="005">20230605121409.0</controlfield>
          <controlfield tag="008">230405r20021962enkb     b    001 0 eng d</controlfield>
          <datafield tag="906" ind1=" " ind2=" ">
            <subfield code="a">7</subfield>
            <subfield code="b">cbc</subfield>
            <subfield code="c">copycat</subfield>
            <subfield code="d">3</subfield>
            <subfield code="e">ncip</subfield>
            <subfield code="f">20</subfield>
            <subfield code="g">y-gencatlg</subfield>
          </datafield>
          <datafield tag="925" ind1="0" ind2=" ">
            <subfield code="a">acquire</subfield>
            <subfield code="b">1 shelf copy</subfield>
            <subfield code="x">policy default</subfield>
          </datafield>
          <datafield tag="955" ind1=" " ind2=" ">
            <subfield code="b">hf07 2023-04-05 z-processor</subfield>
            <subfield code="i">hf07 2023-04-17 TW to Dewey</subfield>
            <subfield code="w">xm12 2023-06-05</subfield>
          </datafield>
          <datafield tag="010" ind1=" " ind2=" ">
            <subfield code="a">  2021385675</subfield>
          </datafield>
          <datafield tag="020" ind1=" " ind2=" ">
            <subfield code="a">0198222092</subfield>
            <subfield code="q">(hbk.)</subfield>
          </datafield>
          <datafield tag="020" ind1=" " ind2=" ">
            <subfield code="a">9780198222095</subfield>
          </datafield>
          <datafield tag="035" ind1=" " ind2=" ">
            <subfield code="a">(OCoLC)ocm56797079</subfield>
          </datafield>
          <datafield tag="040" ind1=" " ind2=" ">
            <subfield code="a">IME</subfield>
            <subfield code="b">eng</subfield>
            <subfield code="c">IME</subfield>
            <subfield code="d">OCLCQ</subfield>
            <subfield code="d">BAKER</subfield>
            <subfield code="d">GBVCP</subfield>
            <subfield code="d">OCLCO</subfield>
            <subfield code="d">OCLCF</subfield>
            <subfield code="d">P4I</subfield>
            <subfield code="d">OCLCO</subfield>
            <subfield code="d">OCLCQ</subfield>
            <subfield code="d">OCL</subfield>
            <subfield code="d">OCLCO</subfield>
            <subfield code="d">DLC</subfield>
          </datafield>
          <datafield tag="041" ind1="0" ind2=" ">
            <subfield code="a">eng</subfield>
            <subfield code="a">lat</subfield>
          </datafield>
          <datafield tag="042" ind1=" " ind2=" ">
            <subfield code="a">lccopycat</subfield>
          </datafield>
          <datafield tag="084" ind1=" " ind2=" ">
            <subfield code="a">15.30</subfield>
            <subfield code="2">bcl</subfield>
          </datafield>
          <datafield tag="050" ind1="0" ind2="0">
            <subfield code="a">D161.1</subfield>
            <subfield code="b">.G4 2002</subfield>
          </datafield>
          <datafield tag="082" ind1="0" ind2="0">
            <subfield code="a">940.1/8</subfield>
            <subfield code="2">23/eng/20230605</subfield>
          </datafield>
          <datafield tag="130" ind1="0" ind2=" ">
            <subfield code="a">Gesta Francorum et aliorum Hierosolymitanorum.</subfield>
          </datafield>
          <datafield tag="245" ind1="1" ind2="4">
            <subfield code="a">The deeds of the Franks and the other pilgrims to Jerusalem /</subfield>
            <subfield code="c">edited by Rosalind Hill.</subfield>
          </datafield>
          <datafield tag="264" ind1=" " ind2="1">
            <subfield code="a">Oxford :</subfield>
            <subfield code="b">Clarendon Press,</subfield>
            <subfield code="c">2002.</subfield>
          </datafield>
          <datafield tag="264" ind1=" " ind2="4">
            <subfield code="c">©1962</subfield>
          </datafield>
          <datafield tag="300" ind1=" " ind2=" ">
            <subfield code="a">1 volume (various pagings) :</subfield>
            <subfield code="b">maps ;</subfield>
            <subfield code="c">23 cm.</subfield>
          </datafield>
          <datafield tag="336" ind1=" " ind2=" ">
            <subfield code="a">text</subfield>
            <subfield code="b">txt</subfield>
            <subfield code="2">rdacontent</subfield>
          </datafield>
          <datafield tag="337" ind1=" " ind2=" ">
            <subfield code="a">unmediated</subfield>
            <subfield code="b">n</subfield>
            <subfield code="2">rdamedia</subfield>
          </datafield>
          <datafield tag="338" ind1=" " ind2=" ">
            <subfield code="a">volume</subfield>
            <subfield code="b">nc</subfield>
            <subfield code="2">rdacarrier</subfield>
          </datafield>
          <datafield tag="490" ind1="1" ind2=" ">
            <subfield code="a">Oxford medieval texts</subfield>
          </datafield>
          <datafield tag="500" ind1=" " ind2=" ">
            <subfield code="a">"Oxford University Press"--Title page verso.</subfield>
          </datafield>
          <datafield tag="500" ind1=" " ind2=" ">
            <subfield code="a">"Reprinted 2002"--Title page verso.</subfield>
          </datafield>
          <datafield tag="500" ind1=" " ind2=" ">
            <subfield code="a">Previously published: New York : Oxford University Press Inc., ©1962.</subfield>
          </datafield>
          <datafield tag="500" ind1=" " ind2=" ">
            <subfield code="a">English and Latin on opposite pages, numbered in duplicate.</subfield>
          </datafield>
          <datafield tag="504" ind1=" " ind2=" ">
            <subfield code="a">Includes bibliographical references (pages xliii-xlv) and index.</subfield>
          </datafield>
          <datafield tag="650" ind1=" " ind2="0">
            <subfield code="a">Crusades</subfield>
            <subfield code="y">First, 1096-1099.</subfield>
          </datafield>
          <datafield tag="650" ind1=" " ind2="6">
            <subfield code="a">Croisades</subfield>
            <subfield code="y">1re croisade, 1096-1099.</subfield>
          </datafield>
          <datafield tag="650" ind1=" " ind2="7">
            <subfield code="a">Crusades.</subfield>
            <subfield code="2">fast</subfield>
            <subfield code="0">(OCoLC)fst00884401</subfield>
          </datafield>
          <datafield tag="647" ind1=" " ind2="7">
            <subfield code="a">Crusades (First)</subfield>
            <subfield code="d">(1096-1099)</subfield>
            <subfield code="2">fast</subfield>
            <subfield code="0">(OCoLC)fst00884405</subfield>
          </datafield>
          <datafield tag="648" ind1=" " ind2="7">
            <subfield code="a">1096-1099</subfield>
            <subfield code="2">fast</subfield>
          </datafield>
          <datafield tag="700" ind1="1" ind2=" ">
            <subfield code="a">Hill, Rosalind M. T.,</subfield>
            <subfield code="e">editor,</subfield>
            <subfield code="e">translator.</subfield>
          </datafield>
          <datafield tag="830" ind1=" " ind2="0">
            <subfield code="a">Oxford medieval texts.</subfield>
          </datafield>
        </record>
      </zs:recordData>
      <zs:recordPosition>1</zs:recordPosition>
    </zs:record>