
    <zs:record>
      <zs:recordSchema/>
      <zs:recordPacking>xml</zs:recordPacking>
      <zs:recordData>
        <record xmlns="http://www.loc.gov/MARC21/slim">
          <leader>01963cam a2200409 a 4500</leader>
          <controlfield tag="001">4178079</controlfield>
          <controlfield tag="005">20130418131748.0</controlfield>
          <controlfield tag="008">790131m19779999enk      c    001 0beng  </controlfield>
          <datafield tag="906" ind1=" " ind2=" ">
            <subfield code="a">7</subfield>
            <subfield code="b">cbc</subfield>
            <subfield code="c">orignew</subfield>
            <subfield code="d">3</subfield>
            <subfield code="e">ncip</subfield>
            <subfield code="f">19</subfield>
            <subfield code="g">y-gencatlg</subfield>
          </datafield>
          <datafield tag="925" ind1="0" ind2=" ">
            <subfield code="a">acquire</subfield>
            <subfield code="b">1 shelf copy</subfield>
            <subfield code="x">policy default</subfield>
          </datafield>
          <datafield tag="955" ind1=" " ind2=" ">
            <subfield code="a">ADDED VOLS: v. 5 to SSCD pv19 2003-02-03</subfield>
            <subfield code="c">sh16 2003-10-20 add. v. 5 Copy 1 to BCCD</subfield>
            <subfield code="c">hf10 2012-06-19 added v. 6 to BCCD</subfield>
          </datafield>
          <datafield tag="010" ind1=" " ind2=" ">
            <subfield code="a">   79301133 </subfield>
          </datafield>
          <datafield tag="020" ind1=" " ind2=" ">
            <subfield code="a">9780907239635 (v. 5)</subfield>
          </datafield>
          <datafield tag="020" ind1=" " ind2=" ">
            <subfield code="a">9780907239734 (v. 6)</subfield>
          </datafield>
          <datafield tag="035" ind1=" " ind2=" ">
            <subfield code="9">(DLC)   79301133</subfield>
          </datafield>
          <datafield tag="040" ind1=" " ind2=" ">
            <subfield code="a">DLC</subfield>
            <subfield code="c">DLC</subfield>
            <subfield code="d">DLC</subfield>
            <subfield code="d">OCoLC</subfield>
            <subfield code="d">DLC</subfield>
          </datafield>
          <datafield tag="041" ind1="0" ind2=" ">
            <subfield code="a">englat</subfield>
          </datafield>
          <datafield tag="043" ind1=" " ind2=" ">
            <subfield code="a">e-uk-en</subfield>
          </datafield>
          <datafield tag="050" ind1="0" ind2="0">
            <subfield code="a">BX5013.C3</subfield>
            <subfield code="b">A5 vol. 70, etc.</subfield>
            <subfield code="a">Z6616.M497</subfield>
            <subfield code="a">BX4705.M4846</subfield>
          </datafield>
          <datafield tag="082" ind1="0" ind2="0">
            <subfield code="a">283/.41 s</subfield>
            <subfield code="a">016.282/428/1</subfield>
          </datafield>
          <datafield tag="110" ind1="1" ind2=" ">
            <subfield code="a">Catholic Church.</subfield>
            <subfield code="b">Province of York (England).</subfield>
            <subfield code="b">Archbishop (1317-1340 : Melton)</subfield>
          </datafield>
          <datafield tag="245" ind1="1" ind2="4">
            <subfield code="a">The register of William Melton, Archbishop of York, 1317-1340 /</subfield>
            <subfield code="c">edited by Rosalind M. T. Hill.</subfield>
          </datafield>
          <datafield tag="260" ind1=" " ind2=" ">
            <subfield code="a">[s.l. :</subfield>
            <subfield code="b">s.n.],</subfield>
            <subfield code="c">1977-&lt;2011   &gt;</subfield>
            <subfield code="e">(Torquay [Eng.] :</subfield>
            <subfield code="f">Devonshire Press)</subfield>
          </datafield>
          <datafield tag="300" ind1=" " ind2=" ">
            <subfield code="a">v. &lt;1-6   &gt;;</subfield>
            <subfield code="c">27 cm.</subfield>
          </datafield>
          <datafield tag="490" ind1="1" ind2=" ">
            <subfield code="a">[Canterbury and York series] ;</subfield>
            <subfield code="v">v. 70-71, 76, 85, 93</subfield>
          </datafield>
          <datafield tag="490" ind1="0" ind2=" ">
            <subfield code="a">The Canterbury and York Society,</subfield>
            <subfield code="x">0262-995X ;</subfield>
            <subfield code="v">vol. 101</subfield>
          </datafield>
          <datafield tag="500" ind1=" " ind2=" ">
            <subfield code="a">Title on cover, v. 1-2: Diocesis Eboracensis, Registrum Willelmi Melton.</subfield>
          </datafield>
          <datafield tag="500" ind1=" " ind2=" ">
            <subfield code="a">English or Latin.</subfield>
          </datafield>
          <datafield tag="500" ind1=" " ind2=" ">
            <subfield code="a">Vols. 2, &lt;6&gt; edited by David Robinson; vol. 4 edited by Reginald Brocklesby; vol. 5 edited by T.C.B. Timmins.</subfield>
          </datafield>
          <datafield tag="500" ind1=" " ind2=" ">
            <subfield code="a">Vols. 4, &lt;6&gt; has imprint: Oxford : Canterbury and York Society ; Woodbridge,, Suffolk ; Rochester, NY : Boydell Press.</subfield>
          </datafield>
          <datafield tag="500" ind1=" " ind2=" ">
            <subfield code="a">Includes indexes.</subfield>
          </datafield>
          <datafield tag="600" ind1="1" ind2="0">
            <subfield code="a">Melton, William,</subfield>
            <subfield code="d">approximately 1275-1340</subfield>
            <subfield code="x">Manuscripts</subfield>
            <subfield code="x">Catalogs.</subfield>
          </datafield>
          <datafield tag="650" ind1=" " ind2="0">
            <subfield code="a">Manuscripts, Medieval</subfield>
            <subfield code="z">England</subfield>
            <subfield code="z">York</subfield>
            <subfield code="x">Catalogs.</subfield>
          </datafield>
          <datafield tag="700" ind1="1" ind2=" ">
            <subfield code="a">Hill, Rosalind M. T.</subfield>
          </datafield>
          <datafield tag="740" ind1="0" ind2=" ">
            <subfield code="a">Registrum Willelmi Melton.</subfield>
          </datafield>
          <datafield tag="830" ind1=" " ind2="0">
            <subfield code="a">Canterbury and York Society (Series) ;</subfield>
            <subfield code="v">v. 70, etc.</subfield>
          </datafield>
          <datafield tag="991" ind1=" " ind2=" ">
            <subfield code="b">c-GenColl</subfield>
            <subfield code="h">BX5013.C3</subfield>
            <subfield code="i">A5 vol. 70, etc.</subfield>
            <subfield code="t">Copy 1</subfield>
            <subfield code="w">BOOKS</subfield>
          </datafield>
        </record>
      </zs:recordData>
      <zs:recordPosition>5</zs:recordPosition>
    </zs:record>